@book{Goodfellow-et-al-2016,
    title={Deep Learning},
    author={Ian Goodfellow and Yoshua Bengio and Aaron Courville},
    publisher={MIT Press},
    OPTurl={http://www.deeplearningbook.org},
    year={2016}
}

@book{Luenberger-1969,
    title={Optimization by Vector Space Methods},
    author={David G. Luenberger},
    publisher={John Wiley \& Sons},
    year={1969}
}

@book{Spelluci-1993,
    title={Numerische Verfahren der nichtlinearen Optimierung},
    author={Peter Spellucci},
    publisher={Birkhäuser Basel},
    year={1993}
}

@book{ross-2019,
    author ={Sheldon M. Ross},
    title ={Introduction to Probability Models},
    publisher ={Academic Press} ,
    year = {2019} 
}

@book{gelman-2004,
    author ={Andrew Gelman and John B. Carlin and Hal S. Stern and Donald B. Rubin},
    title = {Bayesian Data Analysis},
    year = {2004}
}

@article{survey-nuria-2023,
title = {Survey on federated learning threats: Concepts, taxonomy on attacks and defences, experimental study and challenges},
journal = {Information Fusion},
volume = {90},
pages = {148-173},
year = {2023},
OPTissn = {1566-2535},
OPTdoi = {https://OPTdoi.org/10.1016/j.inffus.2022.09.011},
OPTurl = {https://www.sciencedirect.com/science/article/pii/S1566253522001439},
author = {Nuria Rodríguez-Barroso and Daniel Jiménez-López and M. Victoria Luzón and Francisco Herrera and Eugenio Martínez-Cámara},
keywords = {Federated learning, Adversarial attacks, Privacy attacks, Defences},
}

@article{truex-2021,
  author={Truex, Stacey and Liu, Ling and Gursoy, Mehmet Emre and Yu, Lei and Wei, Wenqi},
  journal={IEEE Transactions on Services Computing}, 
  title={Demystifying Membership Inference Attacks in Machine Learning as a Service}, 
  year={2021},
  volume={14},
  number={6},
  pages={2073-2089},
  keywords={Metasearch;Machine learning;Data models;Predictive models;Data privacy;Computational modeling;Membership inference;federated learning;data privacy},
  OPTdoi={10.1109/TSC.2019.2897554}
}

@book{mitchell-1997,
    author = {Thomas M. Mitchell},
    title = {Machine Learning},
    publisher = {McGraw-Hill},
    year = {1997}
}

@book{yang-2019,
  title={Federated learning},
  author={Yang, Qiang and Liu, Yang and Cheng, Yong and Kang, Yan and Chen, Tianjian and Yu, Han},
  journal={Synthesis Lectures on Artificial Intelligence and Machine Learning},
  year={2019},
  publisher={Morgan \& Claypool Publishers}
}

@misc{mcmahan-2023,
    title = 	 {{Communication-Efficient Learning of Deep Networks from Decentralized Data}},
  author = 	 {McMahan, Brendan and Moore, Eider and Ramage, Daniel and Hampson, Seth and Arcas, Blaise Aguera y},
  booktitle = 	 {Proceedings of the 20th International Conference on Artificial Intelligence and Statistics},
  pages = 	 {1273--1282},
  year = 	 {2017},
  editor = 	 {Singh, Aarti and Zhu, Jerry},
  volume = 	 {54},
  series = 	 {Proceedings of Machine Learning Research},
  month = 	 {20--22 Apr},
  publisher =    {PMLR},
  OPTpdf = 	 {http://proceedings.mlr.press/v54/mcmahan17a/mcmahan17a.pdf},
  OPTurl = 	 {https://proceedings.mlr.press/v54/mcmahan17a.html},
}

@inproceedings{krum-2017,
    author = {Blanchard, Peva and El Mhamdi, El Mahdi and Guerraoui, Rachid and Stainer, Julien},
    title = {Machine learning with adversaries: byzantine tolerant gradient descent},
    year = {2017},
    isbn = {9781510860964},
    booktitle = {Proceedings of the 31st International Conference on Neural Information Processing Systems},
    pages = {118–128},
    numpages = {11},
    location = {Long Beach, California, USA},
    series = {NIPS'17}
}

@book{duc-2023,
    author = {Duc A. Tran, My T. Thai, Bhaskar Krishnamachari},
    title = {Handbook on Blockchain},
    publisher = {Springer Cham},
    year = {2023},
    OPTdoi={https://doi.org/10.1007/978-3-031-07535-3}
}

@article{efficientnet,
  author       = {Mingxing Tan and Quoc V. Le},
  title        = {EfficientNet: Rethinking Model Scaling for Convolutional Neural Networks},
  journal      = {CoRR},
  volume       = {abs/1905.11946},
  year         = {2019},
  OPTdoi={https://doi.org/10.48550/arXiv.1905.11946},
  OPTurl          = {http://arxiv.org/abs/1905.11946},
}

@book{garthwaite-2002,
    author = {Garthwaite, Paul and Jolliffe, Ian and Jones, Byron},
    title = "{Statistical Inference}",
    publisher = {Oxford University Press},
    year = {2002},
    OPTisbn = {9780198572268},
    OPTdoi = {10.1093/oso/9780198572268.001.0001},
    OPTurl = {https://doi.org/10.1093/oso/9780198572268.001.0001},
}

@book{polyak-1987,
    author = {Polyak, Boris},
    title = {Introduction to Optimization},
    publisher = { Optimization Software, Inc., Publications Division},
    year = {1987}
}

@INPROCEEDINGS{emnist,
  author={Cohen, Gregory and Afshar, Saeed and Tapson, Jonathan and van Schaik, André},
  booktitle={2017 International Joint Conference on Neural Networks (IJCNN)}, 
  title={EMNIST: Extending MNIST to handwritten letters}, 
  year={2017},
  volume={},
  number={},
  pages={2921-2926},
  OPTkeywords={NIST;Databases;Training;Benchmark testing},
  OPTdoi={10.1109/IJCNN.2017.7966217}
}

@ARTICLE{lecun-1998,
  author={Lecun, Y. and Bottou, L. and Bengio, Y. and Haffner, P.},
  journal={Proceedings of the IEEE}, 
  title={Gradient-based learning applied to document recognition}, 
  year={1998},
  volume={86},
  number={11},
  pages={2278-2324},
  OPTkeywords={Neural networks;Pattern recognition;Machine learning;Optical character recognition software;Character recognition;Feature extraction;Multi-layer neural network;Optical computing;Hidden Markov models;Principal component analysis},
  OPTdoi={10.1109/5.726791}
}

@misc{fashionmnist-2017,
      title={Fashion-MNIST: a Novel Image Dataset for Benchmarking Machine Learning Algorithms}, 
      author={Han Xiao and Kashif Rasul and Roland Vollgraf},
      year={2017},
      eprint={1708.07747},
      OPTarchivePrefix={arXiv},
      OPTprimaryClass={cs.LG}
}

@ARTICLE{torralba-2008,
  author={Torralba, Antonio and Fergus, Rob and Freeman, William T.},
  journal={IEEE Transactions on Pattern Analysis and Machine Intelligence}, 
  title={80 Million Tiny Images: A Large Data Set for Nonparametric Object and Scene Recognition}, 
  year={2008},
  volume={30},
  number={11},
  pages={1958-1970},
  OPTkeywords={Layout;Image recognition;Internet;Image databases;Image sampling;Psychology;Humans;Visual system;Degradation;Image resolution;Computer vision;Object recognition;large datasets;nearest-neighbor methods;Computer vision;Object recognition;large datasets;nearest-neighbor methods},
  OPTdoi={10.1109/TPAMI.2008.128}
}

@ARTICLE{tutorial-nuria,
  author={Luzón, M. Victoria and Rodríguez-Barroso, Nuria and Argente-Garrido, Alberto and Jiménez-López, Daniel and Moyano, Jose M. and Del Ser, Javier and Ding, Weiping and Herrera, Francisco},
  journal={IEEE/CAA Journal of Automatica Sinica}, 
  title={A Tutorial on Federated Learning from Theory to Practice: Foundations, Software Frameworks, Exemplary Use Cases, and Selected Trends}, 
  year={2024},
  volume={11},
  number={4},
  pages={824-850},
  OPTkeywords={Data privacy;Federated learning;Soft sensors;Design methodology;Tutorials;Market research;Data transfer;Data privacy;distributed machine learning;federated learning;software frameworks},
  OPTdoi={10.1109/JAS.2024.124215}}

@ARTICLE{qu-2021-pofl,
  author={Qu, Xidi and Wang, Shengling and Hu, Qin and Cheng, Xiuzhen},
  journal={IEEE Transactions on Parallel and Distributed Systems}, 
  title={Proof of Federated Learning: A Novel Energy-Recycling Consensus Algorithm}, 
  year={2021},
  volume={32},
  number={8},
  pages={2074-2085},
  OPTkeywords={Data models;Blockchain;Collaborative work;Training;Computational modeling;Training data;Task analysis;Blockchain;federated learning;consensus algorithm;incentive mechanism},
  OPTdoi={10.1109/TPDS.2021.3056773}
}

@Article{sabry-2023-pouw,
    author={Sabry, Nareman and Shabana, Bahaa and Handosa, Mohamed and Rashad, M. Z.},
    title={Adapting blockchain's proof-of-work mechanism for multiple traveling salesmen problem optimization},
    journal={Scientific Reports},
    year={2023},
    OPTmonth={Sep},
    OPTday={06},
    volume={13},
    number={1},
    pages={14676},
    OPTissn={2045-2322},
    OPTdoi={10.1038/s41598-023-41536-0},
    OPTurl={https://doi.org/10.1038/s41598-023-41536-0}
}

@article{zhu-2023-blockfed,
author = {Zhu, Juncen and Cao, Jiannong and Saxena, Divya and Jiang, Shan and Ferradi, Houda},
title = {Blockchain-empowered Federated Learning: Challenges, Solutions, and Future Directions},
year = {2023},
issue_date = {November 2023},
publisher = {Association for Computing Machinery},
address = {New York, NY, USA},
volume = {55},
number = {11},
OPTissn = {0360-0300},
OPTurl = {https://doi.org/10.1145/3570953},
OPTdoi = {10.1145/3570953},
journal = {ACM Comput. Surv.},
month = {feb},
articleno = {240},
numpages = {31},
}
@ARTICLE{weng-2021-deepchain,
  author={Weng, Jiasi and Weng, Jian and Zhang, Jilian and Li, Ming and Zhang, Yue and Luo, Weiqi},
  journal={IEEE Transactions on Dependable and Secure Computing}, 
  title={DeepChain: Auditable and Privacy-Preserving Deep Learning with Blockchain-Based Incentive}, 
  year={2021},
  volume={18},
  number={5},
  pages={2438-2455},
  OPTdoi={10.1109/TDSC.2019.2952332}}

@ARTICLE{kim-2020-blockfl,
  author={Kim, Hyesung and Park, Jihong and Bennis, Mehdi and Kim, Seong-Lyun},
  journal={IEEE Communications Letters}, 
  title={Blockchained On-Device Federated Learning}, 
  year={2020},
  volume={24},
  number={6},
  pages={1279-1283},
  OPTdoi={10.1109/LCOMM.2019.2921755}}


@ARTICLE{zhang-2021,
  author={Zhang, Weishan and Lu, Qinghua and Yu, Qiuyu and Li, Zhaotong and Liu, Yue and Lo, Sin Kit and Chen, Shiping and Xu, Xiwei and Zhu, Liming},
  journal={IEEE Internet of Things Journal}, 
  title={Blockchain-Based Federated Learning for Device Failure Detection in Industrial IoT}, 
  year={2021},
  volume={8},
  number={7},
  pages={5926-5937},
  OPTdoi={10.1109/JIOT.2020.3032544}
}

@inproceedings{mcmahan-2018,
title={Learning Differentially Private Recurrent Language Models},
author={H. Brendan McMahan and Daniel Ramage and Kunal Talwar and Li Zhang},
booktitle={International Conference on Learning Representations},
year={2018},
OPTurl={https://openreview.net/forum?id=BJ0hF1Z0b},
}

@inproceedings{awan-2019,
author = {Awan, Sana and Li, Fengjun and Luo, Bo and Liu, Mei},
title = {Poster: A Reliable and Accountable Privacy-Preserving Federated Learning Framework using the Blockchain},
year = {2019},
OPTisbn = {9781450367479},
publisher = {Association for Computing Machinery},
address = {New York, NY, USA},
OPTurl = {https://doi.org/10.1145/3319535.3363256},
OPTdoi = {10.1145/3319535.3363256},
booktitle = {Proceedings of the 2019 ACM SIGSAC Conference on Computer and Communications Security},
pages = {2561–2563},
numpages = {3},
location = {London, United Kingdom},
series = {CCS '19}
}

@Article{preuveneers-2018,
AUTHOR = {Preuveneers, Davy and Rimmer, Vera and Tsingenopoulos, Ilias and Spooren, Jan and Joosen, Wouter and Ilie-Zudor, Elisabeth},
TITLE = {Chained Anomaly Detection Models for Federated Learning: An Intrusion Detection Case Study},
JOURNAL = {Applied Sciences},
VOLUME = {8},
YEAR = {2018},
NUMBER = {12},
ARTICLE-NUMBER = {2663},
OPTURL = {https://www.mdpi.com/2076-3417/8/12/2663},
IOPTSSN = {2076-3417},
OPTDOI = {10.3390/app8122663}
}

@ARTICLE{wang-2018,
  author={Wang, Tao and Xu, Yunjian and Withanage, Chathura and Lan, Lan and Ahipaşaoğlu, Selin Damla and Courcoubetis, Costas A.},
  journal={IEEE Transactions on Smart Grid}, 
  title={A Fair and Budget-Balanced Incentive Mechanism for Energy Management in Buildings}, 
  year={2018},
  volume={9},
  number={4},
  pages={3143-3153},
  OPTdoi={10.1109/TSG.2016.2628165}}

@ARTICLE{xu-2015,
  author={Xu, Jia and Xiang, Jinxin and Yang, Dejun},
  journal={IEEE Transactions on Wireless Communications}, 
  title={Incentive Mechanisms for Time Window Dependent Tasks in Mobile Crowdsensing}, 
  year={2015},
  volume={14},
  number={11},
  pages={6353-6364},
  OPTdoi={10.1109/TWC.2015.2452923}}

@ARTICLE{zhao-2021,
  author={Zhao, Yang and Zhao, Jun and Jiang, Linshan and Tan, Rui and Niyato, Dusit and Li, Zengxiang and Lyu, Lingjuan and Liu, Yingbo},
  journal={IEEE Internet of Things Journal}, 
  title={Privacy-Preserving Blockchain-Based Federated Learning for IoT Devices}, 
  year={2021},
  volume={8},
  number={3},
  pages={1817-1829},
  OPTdoi={10.1109/JIOT.2020.3017377}}

@INPROCEEDINGS{majeed-2019,
  author={Majeed, Umer and Hong, Choong Seon},
  booktitle={2019 20th Asia-Pacific Network Operations and Management Symposium (APNOMS)}, 
  title={FLchain: Federated Learning via MEC-enabled Blockchain Network}, 
  year={2019},
  volume={},
  number={},
  pages={1-4},
  OPTdoi={10.23919/APNOMS.2019.8892848}}


@inproceedings{bitcoin,
  title={Bitcoin: A Peer-to-Peer Electronic Cash System},
  author={Anthony Dewayne Hunt},
  year={2008},
  OPTurl={https://api.semanticscholar.org/CorpusID:236214795}
}

@inproceedings{ethereum,
  title={A NEXT GENERATION SMART CONTRACT \& DECENTRALIZED APPLICATION PLATFORM},
  author={Vitalik Buterin},
  year={2015},
  OPTurl={https://api.semanticscholar.org/CorpusID:19568665}
}

@article{zkp-blockchain,
title = {Leveraging zero knowledge proofs for blockchain-based identity sharing: A survey of advancements, challenges and opportunities},
journal = {Journal of Information Security and Applications},
volume = {80},
pages = {103678},
year = {2024},
issn = {2214-2126},
OPTdoi = {https://doi.org/10.1016/j.jisa.2023.103678},
OPTurl = {https://www.sciencedirect.com/science/article/pii/S2214212623002624},
author = {Lu Zhou and Abebe Diro and Akanksha Saini and Shahriar Kaisar and Pham Cong Hiep},
}

@article{survey-blockchain,
title = {A survey on blockchain technology and its security},
journal = {Blockchain: Research and Applications},
volume = {3},
number = {2},
pages = {100067},
year = {2022},
issn = {2096-7209},
OPTdoi = {https://doi.org/10.1016/j.bcra.2022.100067},
OPTurl = {https://www.sciencedirect.com/science/article/pii/S2096720922000070},
author = {Huaqun Guo and Xingjie Yu},
}

@inproceedings{sift,
    author = {J. Goldberg and W. H. Kautz and P. M. Melliar-Smith},
    title = {Development and analysis of the Software Implemented Fault-Tolerance (SIFT) computer},
    year = {1984},
    OPTurl = {https://ntrs.nasa.gov/citations/19840010885}
}

@article{byzantine-general,
author = {Lamport, Leslie and Shostak, Robert and Pease, Marshall},
title = {The Byzantine Generals Problem},
year = {1982},
issue_date = {July 1982},
publisher = {Association for Computing Machinery},
address = {New York, NY, USA},
volume = {4},
number = {3},
issn = {0164-0925},
OPTurl = {https://doi.org/10.1145/357172.357176},
OPTdoi = {10.1145/357172.357176},
journal = {ACM Trans. Program. Lang. Syst.},
month = {jul},
pages = {382–401},
numpages = {20}
}

@misc{flex,
      title={FLEX: FLEXible Federated Learning Framework}, 
      author={Francisco Herrera and Daniel Jiménez-López and Alberto Argente-Garrido and Nuria Rodríguez-Barroso and Cristina Zuheros and Ignacio Aguilera-Martos and Beatriz Bello and Mario García-Márquez and M. Victoria Luzón},
      year={2024},
      eprint={2404.06127},
      archivePrefix={arXiv},
      primaryClass={cs.CR}
}

@misc{pytorch,
      title={PyTorch: An Imperative Style, High-Performance Deep Learning Library}, 
      author={Adam Paszke and Sam Gross and Francisco Massa and Adam Lerer and James Bradbury and Gregory Chanan and Trevor Killeen and Zeming Lin and Natalia Gimelshein and Luca Antiga and Alban Desmaison and Andreas Köpf and Edward Yang and Zach DeVito and Martin Raison and Alykhan Tejani and Sasank Chilamkurthy and Benoit Steiner and Lu Fang and Junjie Bai and Soumith Chintala},
      year={2019},
      teprint={1912.01703},
      archivePrefix={arXiv},
      primaryClass={cs.LG}
}

@misc{euact,
    author={Council of European Union},
    title={REGULATION OF THE EUROPEAN PARLIAMENT AND OF THE COUNCIL
LAYING DOWN HARMONISED RULES ON ARTIFICIAL INTELLIGENCE 
(ARTIFICIAL INTELLIGENCE ACT) AND AMENDING CERTAIN UNION 
LEGISLATIVE ACTS},
    year={2021}
}

@article{trusworth,
author = {Thiebes, Scott and Lins, Sebastian and Sunyaev, Ali},
year = {2020},
month = {10},
pages = {},
title = {Trustworthy artificial intelligence},
volume = {31},
journal = {Electronic Markets},
OPTdoi = {10.1007/s12525-020-00441-4}
}

@article{diaz-tai,
title = {Connecting the dots in trustworthy Artificial Intelligence: From AI principles, ethics, and key requirements to responsible AI systems and regulation},
journal = {Information Fusion},
volume = {99},
pages = {101896},
year = {2023},
issn = {1566-2535},
OPTdoi = {https://doi.org/10.1016/j.inffus.2023.101896},
OPTurl = {https://www.sciencedirect.com/science/article/pii/S1566253523002129},
author = {Natalia Díaz-Rodríguez and Javier {Del Ser} and Mark Coeckelbergh and Marcos {López de Prado} and Enrique Herrera-Viedma and Francisco Herrera},
}

@book{learningfromdata,
    author = {Yaser S. Abu Mostafa and Malik Magdon Ismail and Hsuan Tien Lin},
    title = {Learning from data: a short course},
    publisher = { Yaser S. Abu Mostafa, Malik Magdon Ismail, Hsuan Tien Lin},
    year = {2012}
}